@misc{WhatIsOpenSource,
  author = {Red Hat Inc.},
  title = {What is open source?},
  howpublished = "\url{https://opensource.com/resources/what-open-source}",
  note = "(3.8.2019.)"
}
@article{panko1998we,
  title={What we know about spreadsheet errors},
  author={Panko, Raymond R},
  journal={Journal of Organizational and End User Computing (JOEUC)},
  volume={10},
  number={2},
  pages={15--21},
  year={1998},
  publisher={IGI Global},
  note = "(3.8.2019.)"
}
@article{van2011numpy,
  title={The NumPy array: a structure for efficient numerical computation},
  author={Van Der Walt, Stefan and Colbert, S Chris and Varoquaux, Gael},
  journal={Computing in Science \& Engineering},
  volume={13},
  number={2},
  pages={22},
  year={2011},
  publisher={IEEE Computer Society}
}
@book{tosi2009matplotlib,
  title={Matplotlib for Python developers},
  author={Tosi, Sandro},
  year={2009},
  publisher={Packt Publishing Ltd}
}
@misc{Matplotlibhomepage,
  title = {Matplotlib homepage},
  howpublished = "\url{https://matplotlib.org}",
  note = "(3.8.2019.)"
}
@misc{NumPyhomepage,
  title = {NumPy homepage},
  howpublished = "\url{https://numpy.org/}",
  note = "(3.8.2019.)"
}
@misc{githomepage,
  title = {Git homepage},
  howpublished = "\url{https://git-scm.com}",
  note = "(3.8.2019.)"
}
@misc{GitHubhomepage,
  title = {Github homepage},
  howpublished = "\url{https://github.com/}",
  note = "(3.8.2019.)"
}
@misc{Pythonhomepage,
  title = {Python homepage},
  howpublished = "\url{https://www.python.org}",
  note = "(3.8.2019.)"
}
@article{sauser2009projects,
  title={Why projects fail? How contingency theory can provide new insights--A comparative analysis of NASA’s Mars Climate Orbiter loss},
  author={Sauser, Brian J and Reilly, Richard R and Shenhar, Aaron J},
  journal={International Journal of Project Management},
  volume={27},
  number={7},
  pages={665--679},
  year={2009},
  publisher={Elsevier}
}
@inproceedings{kluyver2016jupyter,
  title={Jupyter Notebooks-a publishing format for reproducible computational workflows.},
  author={Kluyver, Thomas and Ragan-Kelley, Benjamin and P{\'e}rez, Fernando and Granger, Brian E and Bussonnier, Matthias and Frederic, Jonathan and Kelley, Kyle and Hamrick, Jessica B and Grout, Jason and Corlay, Sylvain and others},
  booktitle={ELPUB},
  pages={87--90},
  year={2016}
}

@article{perez2010python,
  title={Python: an ecosystem for scientific computing},
  author={Perez, Fernando and Granger, Brian E and Hunter, John D},
  journal={Computing in Science \& Engineering},
  volume={13},
  number={2},
  pages={13--21},
  year={2010},
  publisher={IEEE}
}
@article{koepke2011python,
  title={Why Python rocks for research},
  author={Koepke, Hoyt},
  journal={Hacker Monthly},
  volume={8},
  year={2011}
}

@article{hunter2007matplotlib,
  title={The Matplotlib User’s Guide},
  author={Hunter, John and Dale, Darren},
  journal={Matplotlib 0.90. 0 user’s guide},
  year={2007}
}

@article{van2011numpy,
  title={The NumPy array: a structure for efficient numerical computation},
  author={Van Der Walt, Stefan and Colbert, S Chris and Varoquaux, Gael},
  journal={Computing in Science \& Engineering},
  volume={13},
  number={2},
  pages={22},
  year={2011},
  publisher={IEEE Computer Society}
}

@book{idris2012numpy,
  title={NumPy Cookbook},
  author={Idris, Ivan},
  year={2012},
  publisher={Packt Publishing Ltd}
}
