@misc{WhatIsOpenSource,
  author = {Red Hat Inc.},
  title = {What is open source?},
  howpublished = "\url{https://opensource.com/resources/what-open-source}",
  note = "(3.8.2019.)"
}